<?xml version = "1.0" encoding = "UTF-8"?><OAI-PMH xmlns="http://www.openarchives.org/OAI/2.0/" xmlns:xsi="http://www.w3.org/2001/XMLSchema-instance" xsi:schemaLocation="http://www.openarchives.org/OAI/2.0/ http://www.openarchives.org/OAI/2.0/OAI-PMH.xsd"><ListRecords><record><header><identifier>aleph-publish:020862618</identifier></header><metadata><record xmlns="http://www.ddb.de/professionell/mabxml/mabxml-1.xsd"><leader>------M2.01200024------h</leader><controlfield tag="LDR">------M2.01200024------h</controlfield><controlfield tag="FMT">MH</controlfield><datafield tag="001" ind1="-" ind2="1"><subfield code="a">HT018703339</subfield></datafield><datafield tag="002" ind1="a" ind2="1"><subfield code="a">20150720</subfield></datafield><datafield tag="003" ind1="-" ind2="1"><subfield code="a">20180709</subfield></datafield><datafield tag="025" ind1="o" ind2="1"><subfield code="a">1073676775</subfield></datafield><datafield tag="026" ind1="-" ind2="1"><subfield code="a">HBZHT018703339</subfield></datafield><controlfield tag="030">a|1uc||||||17</controlfield><datafield tag="036" ind1="a" ind2="1"><subfield code="a">DE</subfield></datafield><datafield tag="037" ind1="b" ind2="1"><subfield code="a">eng</subfield></datafield><controlfield tag="050">||||||||g|||||</controlfield><controlfield tag="051">at||||||</controlfield><datafield tag="070" ind1="-" ind2="1"><subfield code="a">38 M</subfield></datafield><datafield tag="070" ind1="b" ind2="1"><subfield code="a">38 M</subfield></datafield><datafield tag="078" ind1="i" ind2="1"><subfield code="a">iall</subfield></datafield><datafield tag="078" ind1="r" ind2="1"><subfield code="a">38 M: ellinet</subfield></datafield><datafield tag="080" ind1="-" ind2="1"><subfield code="a">60</subfield></datafield><datafield tag="100" ind1="-" ind2="1"><subfield code="p">Kayser, Klaus</subfield><subfield code="d">1940-</subfield><subfield code="9">(DE-588)115833986</subfield></datafield><datafield tag="101" ind1="-" ind2="1"><subfield code="p">Kayser, Klaus W.</subfield><subfield code="d">1940-</subfield></datafield><datafield tag="101" ind1="-" ind2="1"><subfield code="p">Kayser, K. W.</subfield><subfield code="d">1940-</subfield></datafield><datafield tag="104" ind1="a" ind2="1"><subfield code="p">Borkenfeld, Stephan</subfield></datafield><datafield tag="108" ind1="a" ind2="1"><subfield code="a">Djenouni, Amina</subfield></datafield><datafield tag="112" ind1="a" ind2="1"><subfield code="p">Kayser, Gian</subfield><subfield code="d">1974-</subfield><subfield code="9">(DE-588)123385423</subfield></datafield><datafield tag="113" ind1="-" ind2="1"><subfield code="p">Kayser, Gian Klaus Jürgen</subfield><subfield code="d">1974-</subfield></datafield><datafield tag="331" ind1="-" ind2="1"><subfield code="a">Analysis of texture and objects in microscopic images</subfield></datafield><datafield tag="334" ind1="-" ind2="1"><subfield code="a">Elektronische Ressource</subfield></datafield><datafield tag="359" ind1="-" ind2="1"><subfield code="a">Klaus Kayser ; Stephan Borkenfeld ; Amina Djenouni ; Gian Kayser</subfield></datafield><datafield tag="425" ind1="a" ind2="1"><subfield code="a">2015</subfield></datafield><datafield tag="552" ind1="a" ind2="1"><subfield code="a">10.17629/www.diagnosticpathology.eu-2015-1:14</subfield></datafield><datafield tag="590" ind1="-" ind2="1"><subfield code="a">Diagnostic pathology</subfield></datafield><datafield tag="594" ind1="-" ind2="1"><subfield code="a">Waltrop</subfield></datafield><datafield tag="596" ind1="-" ind2="1"><subfield code="a">1 (2015), 14, S. 1 - 18 : Ill., graph. Darst.</subfield></datafield><datafield tag="599" ind1="-" ind2="1"><subfield code="a">HT018615288</subfield></datafield><datafield tag="652" ind1="a" ind2="1"><subfield code="a">Archivierte Online-Ressource</subfield></datafield><datafield tag="655" ind1="e" ind2="1"><subfield code="u">http://dx.doi.org/10.17629/www.diagnosticpathology.eu-2015-1:14</subfield><subfield code="x">Resolving-System</subfield><subfield code="z">kostenfrei</subfield></datafield><datafield tag="655" ind1="e" ind2="1"><subfield code="u">https://repository.publisso.de/resource/frl:6337271</subfield><subfield code="x">Langzeitarchivierung</subfield><subfield code="A">0</subfield></datafield><datafield tag="700" ind1="b" ind2="1"><subfield code="a">610</subfield></datafield><controlfield tag="SYS">020862618</controlfield><datafield tag="LOW" ind1="-" ind2="1"><subfield code="a">KM001</subfield></datafield><datafield tag="088" ind1=" " ind2=" "><subfield code="a">38 M</subfield></datafield></record></metadata></record></ListRecords></OAI-PMH>